% This file was created with JabRef 2.10b2.
% Encoding: ISO8859_1


@Article{IC3:ereco,
  Title                    = {{Energy Reconstruction Methods in the IceCube Neutrino Telescope}},
  Author                   = {{Aartsen et al.}},
  Journal                  = {JINST},
  Year                     = {2014},
  Pages                    = {P03009},
  Volume                   = {9},

  Archiveprefix            = {arXiv},
  Collaboration            = {IceCube},
  Doi                      = {10.1088/1748-0221/9/03/P03009},
  Eprint                   = {1311.4767},
  Primaryclass             = {physics.ins-det},
  Slaccitation             = {%%CITATION = ARXIV:1311.4767;%%}
}

@Article{ICECUBE:IceTop,
  Title                    = {{IceTop: The surface component of IceCube}},
  Author                   = {{Abbasi et al.}},
  Journal                  = {Nuclear Instruments and Methods in Physics Research Section A: Accelerators, Spectrometers, Detectors and Associated Equipment},
  Year                     = {2013},
  Pages                    = {188--220},
  Volume                   = {700},

  Publisher                = {Elsevier}
}

@Article{ICECUBE:DC,
  Title                    = {{The design and performance of IceCube DeepCore}},
  Author                   = {{Abbasi et al.}},
  Journal                  = {Astroparticle Physics},
  Year                     = {2012},
  Number                   = {10},
  Pages                    = {615--624},
  Volume                   = {35},

  Collaboration            = {IceCube},
  Publisher                = {Elsevier}
}

@Article{ICECUBE:AtmNu,
  Title                    = {{Measurement of the atmospheric neutrino energy spectrum from 100 GeV to 400 TeV with IceCube}},
  Author                   = {{Abbasi et al.}},
  Journal                  = {Physical Review D},
  Year                     = {2011},
  Number                   = {1},
  Pages                    = {012001},
  Volume                   = {83},

  Publisher                = {APS}
}

@Article{ICECUBE:PMT,
  Title                    = {{Calibration and characterization of the IceCube photomultiplier tube}},
  Author                   = {{Abbasi et al.}},
  Journal                  = {Nuclear Instruments and Methods in Physics Research Section A: Accelerators, Spectrometers, Detectors and Associated Equipment},
  Year                     = {2010},
  Number                   = {1},
  Pages                    = {139--152},
  Volume                   = {618},

  Publisher                = {Elsevier}
}

@Article{ref:pmt,
  Title                    = {{Calibration and characterization of the IceCube photomultiplier tube}},
  Author                   = {{Abbasi et al.}},
  Journal                  = {Nuclear Instruments and Methods in Physics Research Section A: Accelerators, Spectrometers, Detectors and Associated Equipment},
  Year                     = {2010},
  Number                   = {1},
  Pages                    = {139--152},
  Volume                   = {618},

  Publisher                = {Elsevier}
}

@Article{ICECUBE:DAQ,
  Title                    = {{The IceCube data acquisition system: Signal capture, digitization, and timestamping}},
  Author                   = {{Abbasi et al.}},
  Journal                  = {Nuclear Instruments and Methods in Physics Research Section A: Accelerators, Spectrometers, Detectors and Associated Equipment},
  Year                     = {2009},
  Number                   = {3},
  Pages                    = {294--316},
  Volume                   = {601},

  Publisher                = {Elsevier}
}

@Article{ref:domdaq,
  Title                    = {{The IceCube data acquisition system: Signal capture, digitization, and timestamping}},
  Author                   = {{Abbasi et al.}},
  Journal                  = {Nuclear Instruments and Methods in Physics Research Section A: Accelerators, Spectrometers, Detectors and Associated Equipment},
  Year                     = {2009},
  Number                   = {3},
  Pages                    = {294--316},
  Volume                   = {601},

  Publisher                = {Elsevier}
}

@Article{IC3:perf,
  Title                    = {First year performance of the IceCube neutrino telescope},
  Author                   = {{Achterberg et al.}},
  Journal                  = {Astroparticle Physics},
  Year                     = {2006},
  Number                   = {3},
  Pages                    = {155--173},
  Volume                   = {26},

  Publisher                = {Elsevier}
}

@Article{IC3:sci,
  Title                    = {Sensitivity of the IceCube detector to astrophysical sources of high energy muon neutrinos},
  Author                   = {{Ahrens et al.}},
  Journal                  = {Astroparticle Physics},
  Year                     = {2004},
  Number                   = {5},
  Pages                    = {507--532},
  Volume                   = {20},

  Publisher                = {Elsevier}
}

@Article{IC3:SC,
  Title                    = {{IceCube standard candle refernce: ICRC proceedings 2007}},
  Author                   = {{Kiryluk et al.}}
}

@Article{Wilson_Score,
   Title                   = {{Probable inference, the law of succession, and statistical inference}},
   Author                  = {{E. B. Wilson}},
   Journal                 = {Journal of the American Statistical Association},
   Year                    = {1927},
   Pages                   = {209--212},
   Volume                  = {22}
}
